@ARTICLE{libsvm,
	AUTHOR = "Chih-Chung Chang, and Chih-Jen Lin",
	TITLE = "LIBSVM: a library for support vector machines"
	YEAR = {2001}
	JOURNAL = "http://www.csie.ntu.edu.tw/~cjlin/libsvm"
}

